<record><leader>00000cas a22000007a 4500</leader><controlfield tag="001">9672269</controlfield><controlfield tag="008">830706d18561926ohuwr ne      0    0eng d</controlfield><datafield ind1=" " ind2=" " tag="010"><subfield code="a">sn 83035263 </subfield></datafield><datafield ind1=" " ind2=" " tag="040"><subfield code="a">NPY</subfield><subfield code="b">eng</subfield><subfield code="c">NPY</subfield><subfield code="d">DLC</subfield><subfield code="d">NPU</subfield><subfield code="d">NVF</subfield><subfield code="d">OCL</subfield><subfield code="d">OCLCQ</subfield><subfield code="d">OCLCF</subfield><subfield code="d">OCLCO</subfield></datafield><datafield ind1=" " ind2=" " tag="042"><subfield code="a">msc</subfield></datafield><datafield ind1=" " ind2=" " tag="043"><subfield code="a">n-us-oh</subfield></datafield><datafield ind1="0" ind2=" " tag="130"><subfield code="a">Auglaize County Democrat (Wapakoneta, Ohio : 1856)</subfield></datafield><datafield ind1="1" ind2="0" tag="245"><subfield code="a">Auglaize County Democrat.</subfield></datafield><datafield ind1="1" ind2="3" tag="246"><subfield code="a">Auglaize Democrat</subfield></datafield><datafield ind1=" " ind2=" " tag="260"><subfield code="a">Wapakoneta, Ohio :</subfield><subfield code="b">H.B. Kelly</subfield></datafield><datafield ind1=" " ind2=" " tag="300"><subfield code="a">v. ;</subfield><subfield code="c">63-64 cm.</subfield></datafield><datafield ind1=" " ind2=" " tag="310"><subfield code="a">Weekly</subfield></datafield><datafield ind1="1" ind2=" " tag="362"><subfield code="a">Began in July 1856? Ceased in 1926?</subfield><subfield code="z">Cf. Gutgesell, S. Guide to Ohio newspapers, 1974.</subfield></datafield><datafield ind1=" " ind2=" " tag="500"><subfield code="a">Publisher: H.B. Kelly &lt;1857, 1873&gt;.</subfield></datafield><datafield ind1=" " ind2=" " tag="500"><subfield code="a">Editor: Henry B. Kelly, &lt;1873&gt;.</subfield></datafield><datafield ind1=" " ind2=" " tag="588"><subfield code="a">Description based on: Vol. 9, no. 8 (Sept. 21, 1857).</subfield></datafield><datafield ind1=" " ind2="0" tag="651"><subfield code="a">Auglaize County (Ohio)</subfield><subfield code="v">Newspapers.</subfield></datafield><datafield ind1=" " ind2="0" tag="651"><subfield code="a">Wapakoneta (Ohio)</subfield><subfield code="v">Newspapers.</subfield></datafield><datafield ind1=" " ind2="7" tag="655"><subfield code="a">Newspapers.</subfield><subfield code="2">fast</subfield><subfield code="0">(OCoLC)fst01423814</subfield></datafield><datafield ind1=" " ind2="7" tag="651"><subfield code="a">Ohio</subfield><subfield code="z">Auglaize County.</subfield><subfield code="2">fast</subfield><subfield code="0">(OCoLC)fst01209435</subfield></datafield><datafield ind1=" " ind2="7" tag="651"><subfield code="a">Ohio</subfield><subfield code="z">Wapakoneta.</subfield><subfield code="2">fast</subfield><subfield code="0">(OCoLC)fst01222391</subfield></datafield><datafield ind1=" " ind2=" " tag="752"><subfield code="a">United States</subfield><subfield code="b">Ohio</subfield><subfield code="c">Auglaize</subfield><subfield code="d">Wapakoneta.</subfield></datafield><datafield ind1="0" ind2="0" tag="780"><subfield code="t">Auglaize Republican (Wapakoneta, Ohio : 1849)</subfield></datafield></record>